
% Journals

% First the Full Name is given, then the abbreviation used in the AMS Math
% Reviews, with an indication if it could not be found there.
% Note the 2nd overwrites the 1st, so swap them if you want the full name.

 %{AMS}
 @String{AMSTrans = "American Mathematical Society Translations" }
 @String{AMSTrans = "Amer. Math. Soc. Transl." }
 @String{BullAMS = "Bulletin of the American Mathematical Society" }
 @String{BullAMS = "Bull. Amer. Math. Soc." }
 @String{ProcAMS = "Proceedings of the American Mathematical Society" }
 @String{ProcAMS = "Proc. Amer. Math. Soc." }
 @String{TransAMS = "Transactions of the American Mathematical Society" }
 @String{TransAMS = "Trans. Amer. Math. Soc." }

 %ACM
 @String{CACM = "Communications of the {ACM}" }
 @String{CACM = "Commun. {ACM}" }
 @String{CompServ = "Comput. Surveys" }
 @String{JACM = "J. ACM" }
 @String{ACMMathSoft = "{ACM} Transactions on Mathematical Software" }
 @String{ACMMathSoft = "{ACM} Trans. Math. Software" }
 @String{SIGNUM = "{ACM} {SIGNUM} Newsletter" }
 @String{SIGNUM = "{ACM} {SIGNUM} Newslett." }

 @String{AmerSocio = "American Journal of Sociology" }
 @String{AmerStatAssoc = "Journal of the American Statistical Association" }
 @String{AmerStatAssoc = "J. Amer. Statist. Assoc." }
 @String{ApplMathComp = "Applied Mathematics and Computation" }
 @String{ApplMathComp = "Appl. Math. Comput." }
 @String{AmerMathMonthly = "American Mathematical Monthly" }
 @String{AmerMathMonthly = "Amer. Math. Monthly" }
 @String{BIT = "{BIT}" }
 @String{BritStatPsych = "British Journal of Mathematical and Statistical
          Psychology" }
 @String{BritStatPsych = "Brit. J. Math. Statist. Psych." }
 @String{CanMathBull = "Canadian Mathematical Bulletin" }
 @String{CanMathBull = "Canad. Math. Bull." }
 @String{CompApplMath = "Journal of Computational and Applied Mathematics" }
 @String{CompApplMath = "J. Comput. Appl. Math." }
 @String{CompPhys = "Journal of Computational Physics" }
 @String{CompPhys = "J. Comput. Phys." }
 @String{CompStruct = "Computers and Structures" }
 @String{CompStruct = "Comput. \& Structures" }
 @String{CompJour = "The Computer Journal" }
 @String{CompJour = "Comput. J." }
 @String{CompSysSci = "Journal of Computer and System Sciences" }
 @String{CompSysSci = "J. Comput. System Sci." }
 @String{Computing = "Computing" }
 @String{ContempMath = "Contemporary Mathematics" }
 @String{ContempMath = "Contemp. Math." }
 @String{Crelle = "Crelle's Journal" }
 @String{GiornaleMath = "Giornale di Mathematiche" }
 @String{GiornaleMath = "Giorn. Mat." } % didn't find in AMS MR., ibid.

 %IEEE
 @String{Computer = "{IEEE} Computer" }
 @String{IEEETransComp = "{IEEE} Transactions on Computers" }
 @String{IEEETransComp = "{IEEE} Trans. Comput." }
 @String{IEEETransAC = "{IEEE} Transactions on Automatic Control" }
 @String{IEEETransAC = "{IEEE} Trans. Automat. Control" }
 @String{IEEESpec = "{IEEE} Spectrum" } % didn't find in AMS MR
 @String{ProcIEEE = "Proceedings of the {IEEE}" }
 @String{ProcIEEE = "Proc. {IEEE}" } % didn't find in AMS MR
 @String{IEEETransAeroElec = "{IEEE} Transactions on Aerospace and Electronic
     Systems" }
 @String{IEEETransAeroElec = "{IEEE} Trans. Aerospace Electron. Systems" }

 @String{IMANumerAna = "{IMA} Journal of Numerical Analysis" }
 @String{IMANumerAna = "{IMA} J. Numer. Anal." }
 @String{InfProcLet = "Information Processing Letters" }
 @String{InfProcLet = "Inform. Process. Lett." }
 @String{InstMathApp = "Journal of the Institute of Mathematics and
     its Applications" }
 @String{InstMathApp = "J. Inst. Math. Appl." }
 @String{IntControl = "International Journal of Control" }
 @String{IntControl = "Internat. J. Control" }
 @String{IntNumerEng = "International Journal for Numerical Methods in
     Engineering" }
 @String{IntNumerEng = "Internat. J. Numer. Methods Engrg." }
 @String{IntSuper = "International Journal of Supercomputing Applications" }
 @String{IntSuper = "Internat. J. Supercomputing Applic." } % didn't find
%% in AMS MR
 @String{Kibernetika = "Kibernetika" }
 @String{JResNatBurStand = "Journal of Research of the National Bureau
     of Standards" }
 @String{JResNatBurStand = "J. Res. Nat. Bur. Standards" }
 @String{LinAlgApp = "Linear Algebra and its Applications" }
 @String{LinAlgApp = "Linear Algebra Appl." }
 @String{MathAnaAppl = "Journal of Mathematical Analysis and Applications" }
 @String{MathAnaAppl = "J. Math. Anal. Appl." }
 @String{MathAnnalen = "Mathematische Annalen" }
 @String{MathAnnalen = "Math. Ann." }
 @String{MathPhys = "Journal of Mathematical Physics" }
 @String{MathPhys = "J. Math. Phys." }
 @String{MathComp = "Mathematics of Computation" }
 @String{MathComp = "Math. Comp." }
 @String{MathScand = "Mathematica Scandinavica" }
 @String{MathScand = "Math. Scand." }
 @String{TablesAidsComp = "Mathematical Tables and Other Aids to Computation" }
 @String{TablesAidsComp = "Math. Tables Aids Comput." }
 @String{NumerMath = "Numerische Mathematik" }
 @String{NumerMath = "Numer. Math." }
 @String{PacificMath = "Pacific Journal of Mathematics" }
 @String{PacificMath = "Pacific J. Math." }
 @String{ParDistComp = "Journal of Parallel and Distributed Computing" }
 @String{ParDistComp = "J. Parallel and Distrib. Comput." } % didn't find
%% in AMS MR
 @String{ParComputing = "Parallel Computing" }
 @String{ParComputing = "Parallel Comput." }
 @String{PhilMag = "Philosophical Magazine" }
 @String{PhilMag = "Philos. Mag." }
 @String{ProcNAS = "Proceedings of the National Academy of Sciences
                    of the USA" }
 @String{ProcNAS = "Proc. Nat. Acad. Sci. U. S. A." }
 @String{Psychometrika = "Psychometrika" }
 @String{QuartMath = "Quarterly Journal of Mathematics, Oxford, Series (2)" }
 @String{QuartMath = "Quart. J. Math. Oxford Ser. (2)" }
 @String{QuartApplMath = "Quarterly of Applied Mathematics" }
 @String{QuartApplMath = "Quart. Appl. Math." }
 @String{RevueInstStat = "Review of the International Statisical Institute" }
 @String{RevueInstStat = "Rev. Inst. Internat. Statist." }

 %SIAM
 @String{JSIAM = "Journal of the Society for Industrial and Applied
     Mathematics" }
 @String{JSIAM = "J. Soc. Indust. Appl. Math." }
 @String{JSIAMB = "Journal of the Society for Industrial and Applied
     Mathematics, Series B, Numerical Analysis" }
 @String{JSIAMB = "J. Soc. Indust. Appl. Math. Ser. B Numer. Anal." }
 @String{SIAMAlgMeth = "{SIAM} Journal on Algebraic and Discrete Methods" }
 @String{SIAMAlgMeth = "{SIAM} J. Algebraic Discrete Methods" }
 @String{SIAMAppMath = "{SIAM} Journal on Applied Mathematics" }
 @String{SIAMAppMath = "{SIAM} J. Appl. Math." }
 @String{SIAMComp = "{SIAM} Journal on Computing" }
 @String{SIAMComp = "{SIAM} J. Comput." }
 @String{SIAMMatrix = "{SIAM} Journal on Matrix Analysis and Applications" }
 @String{SIAMMatrix = "{SIAM} J. Matrix Anal. Appl." }
 @String{SIAMNumAnal = "{SIAM} Journal on Numerical Analysis" }
 @String{SIAMNumAnal = "{SIAM} J. Numer. Anal." }
 @String{SIAMReview = "{SIAM} Review" }
 @String{SIAMReview = "{SIAM} Rev." }
 @String{SIAMSciStat = "{SIAM} Journal on Scientific and Statistical
     Computing" }
 @String{SIAMSciStat = "{SIAM} J. Sci. Statist. Comput." }

 @String{SoftPracExp = "Software Practice and Experience" }
 @String{SoftPracExp = "Software Prac. Experience" } % didn't find in AMS MR
 @String{StatScience = "Statistical Science" }
 @String{StatScience = "Statist. Sci." }
 @String{Techno = "Technometrics" }
 @String{USSRCompMathPhys = "{USSR} Computational Mathematics and Mathematical
     Physics" }
 @String{USSRCompMathPhys = "{U. S. S. R.} Comput. Math. and Math. Phys." }
 @String{VLSICompSys = "Journal of {VLSI} and Computer Systems" }
 @String{VLSICompSys = "J. {VLSI} Comput. Syst." }
 @String{ZAngewMathMech = "Zeitschrift fur Angewandte Mathematik und
     Mechanik" }
 @String{ZAngewMathMech = "Z. Angew. Math. Mech." }
 @String{ZAngewMathPhys = "Zeitschrift fur Angewandte Mathematik und Physik" }
 @String{ZAngewMathPhys = "Z. Angew. Math. Phys." }

% Publishers % ================================================= |

 @String{Academic = "Academic Press" }
 @String{ACMPress = "{ACM} Press" }
 @String{AdamHilger = "Adam Hilger" }
 @String{AddisonWesley = "Addison-Wesley" }
 @String{AllynBacon = "Allyn and Bacon" }
 @String{AMS = "American Mathematical Society" }
 @String{Birkhauser = "Birkha{\"u}ser" }
 @String{CambridgePress = "Cambridge University Press" }
 @String{Chelsea = "Chelsea" }
 @String{ClaredonPress = "Claredon Press" }
 @String{DoverPub = "Dover Publications" }
 @String{Eyolles = "Eyolles" }
 @String{HoltRinehartWinston = "Holt, Rinehart and Winston" }
 @String{Interscience = "Interscience" }
 @String{JohnsHopkinsPress = "The Johns Hopkins University Press" }
 @String{JohnWileySons = "John Wiley and Sons" }
 @String{Macmillan = "Macmillan" }
 @String{MathWorks = "The Math Works Inc." }
 @String{McGrawHill = "McGraw-Hill" }
 @String{NatBurStd = "National Bureau of Standards" }
 @String{NorthHolland = "North-Holland" }
 @String{OxfordPress = "Oxford University Press" }  %address Oxford or London?
 @String{PergamonPress = "Pergamon Press" }
 @String{PlenumPress = "Plenum Press" }
 @String{PrenticeHall = "Prentice-Hall" }
 @String{SIAMPub = "{SIAM} Publications" }
 @String{Springer = "Springer-Verlag" }
 @String{TexasPress = "University of Texas Press" }
 @String{VanNostrand = "Van Nostrand" }
 @String{WHFreeman = "W. H. Freeman and Co." }

%Entries

@article{world2016ambient,
  title     = {Ambient air pollution: A global assessment of exposure and burden of disease},
  author    = {World Health Organization and others},
  year      = {2016},
  publisher = {World Health Organization}
}

@inproceedings{kumar2017air,
  title        = {Air quality monitoring system based on IoT using Raspberry Pi},
  author       = {Kumar, Somansh and Jasuja, Ashish},
  booktitle    = {2017 International Conference on Computing, Communication and Automation (ICCCA)},
  pages        = {1341--1346},
  year         = {2017},
  organization = {IEEE}
}

@article{oh2015indoor,
  title     = {Indoor air quality monitoring systems in the IoT environment},
  author    = {Oh, Chang-Se and Seo, Min-Seok and Lee, Jung-Hyuck and Kim, Sang-Hyun and Kim, Young-Don and Park, Hyun-Ju},
  journal   = {The Journal of Korean Institute of Communications and Information Sciences},
  volume    = {40},
  number    = {5},
  pages     = {886--891},
  year      = {2015},
  publisher = {The Korean Institute of Communications and Information Sciences}
}

@article{zheng2016design,
  title     = {Design and implementation of LPWA-based air quality monitoring system},
  author    = {Zheng, Kan and Zhao, Shaohang and Yang, Zhe and Xiong, Xiong and Xiang, Wei},
  journal   = {IEEE Access},
  volume    = {4},
  pages     = {3238--3245},
  year      = {2016},
  publisher = {IEEE}
}

@inproceedings{ray2016internet,
  title        = {Internet of Things cloud based smart monitoring of air borne PM2. 5 density level},
  author       = {Ray, Partha Pratim},
  booktitle    = {2016 International Conference on Signal Processing, Communication, Power and Embedded System (SCOPES)},
  pages        = {995--999},
  year         = {2016},
  organization = {IEEE}
}

@article{bahdanau2014neural,
  title   = {Neural machine translation by jointly learning to align and translate},
  author  = {Bahdanau, Dzmitry and Cho, Kyunghyun and Bengio, Yoshua},
  journal = {arXiv preprint arXiv:1409.0473},
  year    = {2014}
}

@article{hochreiter1997long,
  title     = {Long short-term memory},
  author    = {Hochreiter, Sepp and Schmidhuber, J{\"u}rgen},
  journal   = {Neural computation},
  volume    = {9},
  number    = {8},
  pages     = {1735--1780},
  year      = {1997},
  publisher = {MIT Press}
}

@article{lelieveld2015contribution,
  title     = {The contribution of outdoor air pollution sources to premature mortality on a global scale},
  author    = {Lelieveld, Jos and Evans, John S and Fnais, Mohammed and Giannadaki, Despina and Pozzer, Andrea},
  journal   = {Nature},
  volume    = {525},
  number    = {7569},
  pages     = {367--371},
  year      = {2015},
  publisher = {Nature Publishing Group}
}

@article{rouet2017machine,
  title     = {Machine learning predicts laboratory earthquakes},
  author    = {Rouet-Leduc, Bertrand and Hulbert, Claudia and Lubbers, Nicholas and Barros, Kipton and Humphreys, Colin J and Johnson, Paul A},
  journal   = {Geophysical Research Letters},
  volume    = {44},
  number    = {18},
  pages     = {9276--9282},
  year      = {2017},
  publisher = {Wiley Online Library}
}

@inproceedings{shen2018natural,
  title        = {Natural tts synthesis by conditioning wavenet on mel spectrogram predictions},
  author       = {Shen, Jonathan and Pang, Ruoming and Weiss, Ron J and Schuster, Mike and Jaitly, Navdeep and Yang, Zongheng and Chen, Zhifeng and Zhang, Yu and Wang, Yuxuan and Skerrv-Ryan, Rj and others},
  booktitle    = {2018 IEEE International Conference on Acoustics, Speech and Signal Processing (ICASSP)},
  pages        = {4779--4783},
  year         = {2018},
  organization = {IEEE}
}

@article{wang2017tacotron,
  title   = {Tacotron: Towards end-to-end speech synthesis},
  author  = {Wang, Yuxuan and Skerry-Ryan, RJ and Stanton, Daisy and Wu, Yonghui and Weiss, Ron J and Jaitly, Navdeep and Yang, Zongheng and Xiao, Ying and Chen, Zhifeng and Bengio, Samy and others},
  journal = {arXiv preprint arXiv:1703.10135},
  year    = {2017}
}

@article{oord2016wavenet,
  title   = {Wavenet: A generative model for raw audio},
  author  = {Oord, Aaron van den and Dieleman, Sander and Zen, Heiga and Simonyan, Karen and Vinyals, Oriol and Graves, Alex and Kalchbrenner, Nal and Senior, Andrew and Kavukcuoglu, Koray},
  journal = {arXiv preprint arXiv:1609.03499},
  year    = {2016}
}

@article{han2020joint,
  title   = {Joint Air Quality and Weather Prediction Based on Multi-Adversarial Spatiotemporal Networks},
  author  = {Han, Jindong and Liu, Hao and Zhu, Hengshu and Xiong, Hui and Dou, Dejing},
  journal = {arXiv preprint arXiv:2012.15037},
  year    = {2020}
}

@article{wang2019multi,
  title     = {Multi-sensor fusion in automated driving: A survey},
  author    = {Wang, Zhangjing and Wu, Yu and Niu, Qingqing},
  journal   = {IEEE Access},
  volume    = {8},
  pages     = {2847--2868},
  year      = {2019},
  publisher = {IEEE}
}

@article{luo1989multisensor,
  title     = {Multisensor integration and fusion in intelligent systems},
  author    = {Luo, Ren C and Kay, Michael G},
  journal   = {IEEE Transactions on Systems, Man, and Cybernetics},
  volume    = {19},
  number    = {5},
  pages     = {901--931},
  year      = {1989},
  publisher = {IEEE}
}

@article{hall1997introduction,
  title     = {An introduction to multisensor data fusion},
  author    = {Hall, David L and Llinas, James},
  journal   = {Proceedings of the IEEE},
  volume    = {85},
  number    = {1},
  pages     = {6--23},
  year      = {1997},
  publisher = {IEEE}
}

@inproceedings{wang2012towards,
  title        = {Towards real-time multi-sensor information retrieval in cloud robotic system},
  author       = {Wang, Lujia and Liu, Ming and Meng, Max Q-H and Siegwart, Roland},
  booktitle    = {2012 IEEE International Conference on Multisensor Fusion and Integration for Intelligent Systems (MFI)},
  pages        = {21--26},
  year         = {2012},
  organization = {IEEE}
}

@article{cai2020probabilistic,
  title     = {Probabilistic end-to-end vehicle navigation in complex dynamic environments with multimodal sensor fusion},
  author    = {Cai, Peide and Wang, Sukai and Sun, Yuxiang and Liu, Ming},
  journal   = {IEEE Robotics and Automation Letters},
  volume    = {5},
  number    = {3},
  pages     = {4218--4224},
  year      = {2020},
  publisher = {IEEE}
}

@misc{kingma2017adam,
  title         = {Adam: A Method for Stochastic Optimization},
  author        = {Diederik P. Kingma and Jimmy Ba},
  year          = {2017},
  eprint        = {1412.6980},
  archiveprefix = {arXiv},
  primaryclass  = {cs.LG}
}

@inproceedings{louis2019towards,
  title     = {Towards deep learning using tensorflow lite on risc-v},
  author    = {Louis, Marcia Sahaya and Azad, Zahra and Delshadtehrani, Leila and Gupta, Suyog and Warden, Pete and Reddi, Vijay Janapa and Joshi, Ajay},
  booktitle = {Third Workshop on Computer Architecture Research with RISC-V (CARRV)},
  volume    = {1},
  pages     = {6},
  year      = {2019}
}

@inproceedings{wu2021autoformer,
  title     = {Autoformer: Decomposition Transformers with {Auto-Correlation} for Long-Term Series Forecasting},
  author    = {Haixu Wu and Jiehui Xu and Jianmin Wang and Mingsheng Long},
  booktitle = {Advances in Neural Information Processing Systems},
  year      = {2021}
}

@article{luong2015effective,
  title   = {Effective approaches to attention-based neural machine translation},
  author  = {Luong, Minh-Thang and Pham, Hieu and Manning, Christopher D},
  journal = {arXiv preprint arXiv:1508.04025},
  year    = {2015}
}

@article{gomez1994estimation,
  title     = {Estimation, prediction, and interpolation for nonstationary series with the Kalman filter},
  author    = {G{\'o}mez, V{\'\i}ctor and Maravall, Agust{\'\i}n},
  journal   = {Journal of the American Statistical Association},
  volume    = {89},
  number    = {426},
  pages     = {611--624},
  year      = {1994},
  publisher = {Taylor \& Francis}
}

@inproceedings{lai2018modeling,
  title     = {Modeling long-and short-term temporal patterns with deep neural networks},
  author    = {Lai, Guokun and Chang, Wei-Cheng and Yang, Yiming and Liu, Hanxiao},
  booktitle = {The 41st International ACM SIGIR Conference on Research \& Development in Information Retrieval},
  pages     = {95--104},
  year      = {2018}
}

@article{sapankevych2009time,
  title     = {Time series prediction using support vector machines: a survey},
  author    = {Sapankevych, Nicholas I and Sankar, Ravi},
  journal   = {IEEE Computational Intelligence Magazine},
  volume    = {4},
  number    = {2},
  pages     = {24--38},
  year      = {2009},
  publisher = {IEEE}
}

@article{shih2019temporal,
  title     = {Temporal pattern attention for multivariate time series forecasting},
  author    = {Shih, Shun-Yao and Sun, Fan-Keng and Lee, Hung-yi},
  journal   = {Machine Learning},
  volume    = {108},
  number    = {8},
  pages     = {1421--1441},
  year      = {2019},
  publisher = {Springer}
}

@inproceedings{lea2016temporal,
  title        = {Temporal convolutional networks: A unified approach to action segmentation},
  author       = {Lea, Colin and Vidal, Rene and Reiter, Austin and Hager, Gregory D},
  booktitle    = {European Conference on Computer Vision},
  pages        = {47--54},
  year         = {2016},
  organization = {Springer}
}

@article{yan2020temporal,
  title     = {Temporal convolutional networks for the advance prediction of ENSO},
  author    = {Yan, Jining and Mu, Lin and Wang, Lizhe and Ranjan, Rajiv and Zomaya, Albert Y},
  journal   = {Scientific reports},
  volume    = {10},
  number    = {1},
  pages     = {1--15},
  year      = {2020},
  publisher = {Nature Publishing Group}
}

@inproceedings{wu2020connecting,
  title     = {Connecting the dots: Multivariate time series forecasting with graph neural networks},
  author    = {Wu, Zonghan and Pan, Shirui and Long, Guodong and Jiang, Jing and Chang, Xiaojun and Zhang, Chengqi},
  booktitle = {Proceedings of the 26th ACM SIGKDD International Conference on Knowledge Discovery \& Data Mining},
  pages     = {753--763},
  year      = {2020}
}

@inproceedings{vaswani2017attention,
  title     = {Attention is all you need},
  author    = {Vaswani, Ashish and Shazeer, Noam and Parmar, Niki and Uszkoreit, Jakob and Jones, Llion and Gomez, Aidan N and Kaiser, {\L}ukasz and Polosukhin, Illia},
  booktitle = {Advances in neural information processing systems},
  pages     = {5998--6008},
  year      = {2017}
}

@article{lim2021temporal,
  title     = {Temporal fusion transformers for interpretable multi-horizon time series forecasting},
  author    = {Lim, Bryan and Ar{\i}k, Sercan {\"O} and Loeff, Nicolas and Pfister, Tomas},
  journal   = {International Journal of Forecasting},
  year      = {2021},
  publisher = {Elsevier}
}

@article{simonyan2014very,
  title   = {Very deep convolutional networks for large-scale image recognition},
  author  = {Simonyan, Karen and Zisserman, Andrew},
  journal = {arXiv preprint arXiv:1409.1556},
  year    = {2014}
}

@inproceedings{he2016deep,
  title     = {Deep residual learning for image recognition},
  author    = {He, Kaiming and Zhang, Xiangyu and Ren, Shaoqing and Sun, Jian},
  booktitle = {Proceedings of the IEEE conference on computer vision and pattern recognition},
  pages     = {770--778},
  year      = {2016}
}